@article{lu2014overview,
  title={An overview of massive MIMO: Benefits and challenges},
  author={Lu, Lu and Li, Geoffrey Ye and Swindlehurst, A Lee and Ashikhmin, Alexei and Zhang, Rui},
  journal={IEEE journal of selected topics in signal processing},
  volume={8},
  number={5},
  pages={742--758},
  year={2014},
  publisher={IEEE}
}

@article{shen2016compressed,
  title={Compressed CSI acquisition in FDD massive MIMO: How much training is needed?},
  author={Shen, Juei-Chin and Zhang, Jun and Alsusa, Emad and Letaief, Khaled B},
  journal={IEEE Transactions on Wireless Communications},
  volume={15},
  number={6},
  pages={4145--4156},
  year={2016},
  publisher={IEEE}
}

@article{liao2019csi,
  title={CSI feedback based on deep learning for massive MIMO systems},
  author={Liao, Yong and Yao, Haimei and Hua, Yuanxiao and Li, Chunguo},
  journal={IEEE Access},
  volume={7},
  pages={86810--86820},
  year={2019},
  publisher={IEEE}
}

@article{goldsmith2003capacity,
  title={Capacity limits of MIMO channels},
  author={Goldsmith, Andrea and Jafar, Syed Ali and Jindal, Nihar and Vishwanath, Sriram},
  journal={IEEE Journal on selected areas in Communications},
  volume={21},
  number={5},
  pages={684--702},
  year={2003},
  publisher={IEEE}
}

@article{rioul2014shannon,
  title={On Shannon’s formula and Hartley’s rule: Beyond the mathematical coincidence},
  author={Rioul, Olivier and Magossi, Jos{\'e} Carlos},
  journal={Entropy},
  volume={16},
  number={9},
  pages={4892--4910},
  year={2014},
  publisher={MDPI}
}

@inproceedings{lu2013water,
  title={Water-filling capacity analysis in large MIMO systems},
  author={Lu, Yi and Zhang, Wei},
  booktitle={2013 Computing, Communications and IT Applications Conference (ComComAp)},
  pages={186--190},
  year={2013},
  organization={IEEE}
}

@article{lebrun2005mimo,
  title={MIMO transmission over a time-varying channel using SVD},
  author={Lebrun, Guillaume and Gao, Jason and Faulkner, Mike},
  journal={IEEE Transactions on wireless Communications},
  volume={4},
  number={2},
  pages={757--764},
  year={2005},
  publisher={IEEE}
}
